<?xml version="1.0" encoding="UTF-8"?><record xmlns="http://www.loc.gov/MARC21/slim" xmlns:cinclude="http://apache.org/cocoon/include/1.0" xmlns:zs="http://www.loc.gov/zing/srw/">
  <leader>00622nz  a2200169n  4500</leader>
  <controlfield tag="001">no2013131179</controlfield>
  <controlfield tag="003">DLC</controlfield>
  <controlfield tag="005">20131123073541.0</controlfield>
  <controlfield tag="008">131122n| azannaabn          |n aaa     c</controlfield>
  <datafield tag="010" ind1=" " ind2=" ">
    <subfield code="a">no2013131179</subfield>
  </datafield>
  <datafield tag="035" ind1=" " ind2=" ">
    <subfield code="a">(OCoLC)oca09622143</subfield>
  </datafield>
  <datafield tag="040" ind1=" " ind2=" ">
    <subfield code="a">OOC</subfield>
    <subfield code="b">eng</subfield>
    <subfield code="e">rda</subfield>
    <subfield code="c">OOC</subfield>
  </datafield>
  <datafield tag="046" ind1=" " ind2=" ">
    <subfield code="k">1912~</subfield>
    <subfield code="2">edtf</subfield>
  </datafield>
  <datafield tag="100" ind1="1" ind2=" ">
    <subfield code="a">Griffes, Charles Tomlinson,</subfield>
    <subfield code="d">1884-1920.</subfield>
    <subfield code="t">Winter landscape</subfield>
  </datafield>
  <datafield tag="382" ind1="0" ind2=" ">
    <subfield code="a">piano</subfield>
    <subfield code="n">1</subfield>
  </datafield>
  <datafield tag="670" ind1=" " ind2=" ">
    <subfield code="a">Griffes, Charles Tomlinson. Piano music, ℗2013:</subfield>
    <subfield code="b">label (A winter landscape) insert (composed ca. 1912; published 1997)</subfield>
  </datafield>
  <datafield tag="670" ind1=" " ind2=" ">
    <subfield code="a">Anderson, Donna K. Charles T. Griffes, c1993:</subfield>
    <subfield code="b">page 234 (A winter landscape; piano; ca. 1912)</subfield>
  </datafield>
</record>